<?xml version="1.0" encoding="UTF-8"?><collection xmlns="http://www.loc.gov/MARC21/slim"><record><leader>00344nam--2200133-i-4500</leader><controlfield tag="001">000041040</controlfield><controlfield tag="002">20161230</controlfield><controlfield tag="005">20161230201042</controlfield><controlfield tag="008">060222s1000------------r-----000-0-eng-d</controlfield><datafield ind1=" " ind2=" " tag="080"><subfield code="a">621.317</subfield></datafield><datafield ind1=" " ind2=" " tag="100"><subfield code="a">Sealey, W.C</subfield></datafield><datafield ind1=" " ind2=" " tag="245"><subfield code="a">Transformers. theory and construction</subfield></datafield><datafield ind1=" " ind2=" " tag="260"><subfield code="a">Scranton, International Textbook Co., 1948, X 4parts</subfield></datafield><datafield ind1=" " ind2=" " tag="852"><subfield code="a">779</subfield></datafield></record></collection>